@BOOK{Baeumle-Courth2004,
	AUTHOR = {Baeumle-Courth, Peter AND Nieland, Stefan AND Schröder, Hinrich},
	YEAR = {2004},
	TITLE = {Wirtschaftsinformatik - },
	EDITION = {},
	ISBN = {978-3-486-27608-4},
	PUBLISHER = {Oldenbourg Verlag},
	ADDRESS = {München},
}
